@INPROCEEDINGS{pap_unfairness,
  AUTHOR={Kowald, Dominik and Schedl, Markus and Lex, Elisabeth},
  TITLE={The Unfairness of Popularity Bias in Music Recommendation: A Reproducibility Study},
  BOOKTITLE={European Conference on Information Retrieval},
  PAGES={35--42},
  YEAR={2020},
  ORGANIZATION={Springer},
}

@article{wundervald2021cluster,
  title={Cluster-based quotas for fairness improvements in music recommendation systems},
  author={Wundervald, Bruna},
  journal={International Journal of Multimedia Information Retrieval},
  pages={1--8},
  year={2021},
  publisher={Springer}
}